%% peter's references, so as not to interfere with Alisa's Mendeley.

@article{christiansen1995genotypic,
  added-at = {2015-10-14T18:49:52.000+0200},
  author = {Christiansen, Freddy Bugge and Andreasen, Viggo and Poulsen, Ebbe Thue},
  biburl = {http://www.bibsonomy.org/bibtex/2d6a47e66b8b328165bbedc0c70450eab/peter.ralph},
  doi = {10.1007/BF00169562},
  interhash = {9bcf322edb815c0846c585578be8380d},
  intrahash = {d6a47e66b8b328165bbedc0c70450eab},
  issn = {0303-6812},
  journal = {Journal of Mathematical Biology},
  keywords = {sys:relevantfor:spopgen clines diffusions heterozygote_disadvantage hybrid_zone},
  language = {English},
  number = 3,
  pages = {225-249},
  publisher = {Springer-Verlag},
  timestamp = {2015-10-14T18:49:52.000+0200},
  title = {Genotypic proportions in hybrid zones},
  url = {http://dx.doi.org/10.1007/BF00169562},
  volume = 33,
  year = 1995
}


@article{soetaert2012reactive,
title = {Reactive transport in aquatic ecosystems: Rapid model prototyping in the open source software R},
author = {Karline Soetaert and Filip Meysman},
journal = {Environmental Modelling \& Software},
year = {2012},
volume = {32},
pages = {49--60},
}
